<?xml version="1.0" encoding="UTF-8"?><collection xmlns="http://www.loc.gov/MARC21/slim"><record><leader>00556nam--2200193-i-4500</leader><controlfield tag="001">000006672</controlfield><controlfield tag="002">20161230</controlfield><controlfield tag="005">20161230201026</controlfield><controlfield tag="008">060222s1000------------r-----000-0-fre-d</controlfield><datafield ind1=" " ind2=" " tag="040"><subfield code="a">IFIN-HH</subfield></datafield><datafield ind1=" " ind2=" " tag="041"><subfield code="a">fre</subfield></datafield><datafield ind1=" " ind2=" " tag="080"><subfield code="a">519.46</subfield></datafield><datafield ind1="1" ind2=" " tag="100"><subfield code="a">Chevalley, Claude</subfield></datafield><datafield ind1="1" ind2="0" tag="245"><subfield code="a">Theorie des groupes de lie</subfield><subfield code="b">Tome ii groupes algebriques</subfield><subfield code="c">Claude chevalley</subfield></datafield><datafield ind1=" " ind2=" " tag="260"><subfield code="a">Paris</subfield><subfield code="b">Herman &amp;c-ie, Editeurs</subfield><subfield code="c">1951</subfield></datafield><datafield ind1=" " ind2=" " tag="300"><subfield code="a">VII + 188 P</subfield></datafield><datafield ind1=" " ind2=" " tag="490"><subfield code="a">Actualites Scientifiques Et Industrielles</subfield><subfield code="v">Tome 1152</subfield></datafield><datafield ind1=" " ind2=" " tag="852"><subfield code="a">19549</subfield><subfield code="c">519.4</subfield></datafield><datafield ind1=" " ind2=" " tag="CAT"><subfield code="a">Sys</subfield><subfield code="c">20130809</subfield><subfield code="h">142122</subfield></datafield></record></collection>